2422 3780
278 196 358 272 Tae
381 195 517 274 soldier
542 197 623 272 aad
646 197 705 274 tte
733 199 960 276 Carthasim
1019 211 1065 286 37

237 383 296 446 Mr.
321 405 405 457 non;
427 383 512 447 inter
525 382 626 446 aleam
642 390 747 447 ortum
764 380 1002 450 est'discidium.

237 487 294 549 CA.
318 484 402 548 unde
423 485 484 549 hoc
507 486 582 550 mali
604 487 721 550 accidit
743 487 815 567 tibi,
834 496 872 552 ut
891 490 935 551 sie
954 511 1067 552 curvus

172 587 306 666 incedas,
328 589 418 674 quasi
441 612 520 652 esses
542 590 795 674 nonagenarius?

237 693 295 754 M1.
320 690 448 754 morbus
463 692 510 754 ita
525 692 686 755 contraxit
700 715 821 779 corpus.
910 676 919 692 ‘

236 796 292 858 CA.
318 795 517 879 magnificam
534 797 648 881 passus‘
657 819 688 859 es
704 799 923 863 mutationem.
1078 829 1092 882 5

235 900 294 963 M1.
318 899 396 962 haec
410 898 561 962 nimirum
576 906 625 962 est
639 899 708 962 alea
723 901 847 964 Martis,

235 1005 293 1067 CA.
317 1004 415 1066 immo
429 1004 507 1066 haec
522 1010 570 1067 est
585 1005 708 1067 insania
723 1011 798 1067 tuae
818 1007 940 1070 mentis.
986 1029 1064 1092 quas

171 1129 244 1170 vero
267 1107 430 1171 manubias
455 1108 546 1171 uxori
568 1114 644 1170 tuae
669 1106 839 1192 liberisque
862 1109 927 1171 tuis
952 1109 1064 1172 referes

169 1209 323 1274 domum?
357 1219 489 1296 quotam
504 1211 659 1275 malorum
670 1218 795 1297 partem
804 1213 1064 1275 commemoravi?

170 1314 232 1377 ista
245 1313 385 1400 corporis
400 1320 483 1378 sunt.
529 1314 668 1377 animam
680 1335 754 1376 vero
768 1312 894 1397 qualem
910 1322 1063 1400 reportas,
1080 1349 1109 1385 10

169 1424 250 1502 quot
264 1416 446 1481 vulneribus
460 1418 596 1481 sauciam
611 1423 617 1482 1

233 1521 294 1584 Mr.
318 1520 381 1583 iam
396 1521 484 1583 rixae
498 1521 575 1585 satis
590 1527 658 1596 est;
679 1519 731 1584 die
745 1518 868 1605 aliquid
882 1519 921 1583 de
937 1520 1060 1584 viatico.

234 1624 291 1687 CA.
316 1622 394 1686 mihi
418 1623 499 1687 nihil
521 1631 569 1687 est
591 1623 678 1710 quod
699 1623 791 1697 dem;
820 1624 963 1708 experiar
984 1623 1063 1708 quid

170 1722 247 1788 velit
268 1725 368 1788 Prior.

234 1829 293 1891 M1.
316 1828 408 1914 atqui
428 1828 454 1891 si
475 1828 552 1914 quid
573 1828 714 1904 daretur,
728 1834 831 1890 essent
850 1827 912 1892 tibi
931 1836 1062 1914 paratae
1077 1857 1105 1908 15

171 1953 298 1995 manus:
321 1954 405 1994 nuno
423 1931 542 1995 multae
557 1931 689 1996 obstant
707 1930 920 2009 difficultates,
934 1932 1061 2017 quando

169 2033 396 2096 numerandum
420 2041 469 2097 est
489 2033 619 2119 aliquid.

234 2137 291 2200 CA.
314 2135 394 2221 quid
415 2135 470 2199 alii
495 2136 617 2199 faciant
638 2136 699 2222 ipsi
723 2136 877 2199 viderint:
905 2136 982 2199 mihi
1004 2159 1060 2199 nec

169 2237 438 2324 adaocipiendum
450 2236 710 2301 neoaddandum
719 2244 794 2300 sunt
802 2259 922 2302 manus.
954 2260 1058 2302 verum

169 2339 209 2404 de
222 2341 272 2404 his
289 2365 309 2405 a
328 2341 481 2428 prandi03
504 2362 587 2404 nuno
607 2348 732 2429 tempus
752 2348 861 2404 mouet
880 2348 918 2404 ut
937 2365 1058 2404 aecum-
1071 2373 1104 2408 20

170 2443 290 2510 bamus.
