2422 3780
158 194 205 261 48
417 180 570 277 Suppes·
587 173 809 274 philosophy

157 365 220 428 suis
239 364 384 448 argutiis
401 369 438 425 ut
456 359 496 423 od
517 383 655 422 mensam
675 360 772 423 etiam
794 359 878 422 fame
898 361 1058 446 periturus

158 467 265 543 fuerit,
280 465 340 527 nisi
356 461 471 526 ancilla
486 461 616 523 Melissa
630 461 703 525 cibo
718 485 752 524 os
766 461 958 547 replevisset.

222 569 284 630 Ao.
317 565 370 628 ille
387 587 458 626 vero
474 563 624 648 indignus
639 572 708 628 erat
723 566 778 649 qui
795 572 980 628 servaretur.

223 661 283 732 co.
313 689 399 730 nunc
413 666 530 730 bibetis
546 666 656 730 ordine
671 689 761 729 suum
774 667 908 752 quisque
918 665 1057 734 codicem.

132 773 232 848 stibi,
248 773 387 848 Erasme‚
402 771 463 834 hoc
478 771 617 857 primum
632 772 778 857 propino.

223 876 282 936 En.
313 895 424 959 precor
438 873 500 936 tibi
515 873 558 936 sit
574 873 667 938 bono.

123 980 127 984 ’
224 978 283 1041 Cn.
325 974 379 1038 sed
404 998 460 1038 cur
486 983 585 1038 cessat
612 976 744 1038 vinum?
777 999 833 1039 cur
858 1000 922 1040 non
949 978 1058 1042 obam-

159 1079 274 1145 bulat?
303 1079 358 1143 ubi
383 1086 458 1141 sunt
484 1078 566 1140 oculi
594 1080 655 1156 tui,
682 1079 833 1142 furcifer?
862 1079 945 1156 vola,
969 1081 1060 1145 adfer

159 1182 296 1246 eiusdem
312 1182 435 1266 generis
450 1181 603 1243 sextarios
618 1180 706 1246 duos.
802 1244 808 1254 ,

118 1318 147 1352 ιο
224 1287 281 1352 Pu,
312 1283 444 1348 Erasme
463 1284 652 1362 doctissime,
668 1284 799 1368 quidam
814 1309 873 1371 pro
888 1286 1010 1351 foribus
1025 1295 1059 1351 te

160 1392 325 1455 convenire
341 1390 419 1453 vult.
908 1380 910 1382 ’

225 1496 285 1559 En.
316 1495 460 1581 quisnam
477 1497 548 1556 est?

226 1599 282 1662 Po.
313 1596 399 1658 Mori
415 1595 570 1658 famulum
586 1618 650 1658 esse
665 1618 696 1657 se
711 1594 811 1670 dicim
832 1618 920 1659 erum
935 1621 1060 1662 suume

162 1699 330 1766 Britannia
347 1699 527 1774 advenisse;
549 1721 662 1784 cupere
676 1705 710 1761 te
724 1698 840 1776 videre,
855 1698 942 1784 quod
956 1700 1061 1784 prima

121 1805 231 1884 151uoe
245 1805 307 1867 iter
321 1809 413 1890 paret
428 1802 461 1863 in
477 1801 691 1864 Germaniam.

226 1908 287 1970 En.
322 1903 511 1980 Christiane,
533 1901 730 1965 subducatur
750 1903 854 1978 rati03
880 1924 953 1966 nam
980 1904 1059 1969 mihi

163 2008 291 2097 quidem
313 2003 502 2068 abeundum.

229 2114 288 2175 Cu.
319 2107 407 2172 abire
432 2112 466 2169 te
492 2105 659 2168 molestum
681 2111 739 2183 est,
761 2104 904 2168 nondum
930 2114 1060 2190 peracta

163 2212 282 2279 fabula.

122 2352 154 2387 20
230 2317 289 2379 En.
325 2311 405 2399 quid
434 2316 575 2398 superest
604 2312 664 2374 nisi
694 2316 732 2375 ut
753 2309 855 2373 dicam
878 2309 1001 2376 ‘valete
1026 2320 1060 2377 et

166 2416 351 2505 plaudite'?
